<record><leader>00000cas a2200000 a 4500</leader><controlfield tag="001">437260236</controlfield><controlfield tag="008">090921c20069999iluwr ne      |    0buloc</controlfield><datafield ind1=" " ind2=" " tag="010"><subfield code="a">  2009262033</subfield></datafield><datafield ind1=" " ind2=" " tag="040"><subfield code="a">CGU</subfield><subfield code="b">eng</subfield><subfield code="c">CGU</subfield><subfield code="d">OCLCQ</subfield></datafield><datafield ind1=" " ind2=" " tag="066"><subfield code="c">(N</subfield></datafield><datafield ind1="0" ind2=" " tag="041"><subfield code="a">bul</subfield><subfield code="a">eng</subfield></datafield><datafield ind1=" " ind2=" " tag="042"><subfield code="a">pcc</subfield></datafield><datafield ind1=" " ind2=" " tag="043"><subfield code="a">n-us-il</subfield></datafield><datafield ind1="0" ind2="0" tag="245"><subfield code="6">880-01</subfield><subfield code="a">Balkansko ekho =</subfield><subfield code="b">Free newspaper Balkan Echo.</subfield></datafield><datafield ind1="3" ind2="1" tag="246"><subfield code="a">Balkan Echo</subfield></datafield><datafield ind1=" " ind2=" " tag="260"><subfield code="a">Lake in the Hills, IL :</subfield><subfield code="b">Balkan Echo</subfield></datafield><datafield ind1=" " ind2=" " tag="300"><subfield code="a">v.</subfield></datafield><datafield ind1=" " ind2=" " tag="310"><subfield code="a">Weekly</subfield></datafield><datafield ind1="1" ind2=" " tag="362"><subfield code="6">880-02</subfield><subfield code="a">Began with: 1 (1 noemvri-7 noemvri 2006).</subfield></datafield><datafield ind1=" " ind2=" " tag="500"><subfield code="a">"Targeting Bulgarian, Polish, Russian, Macedonian, Serbian communities."</subfield></datafield><datafield ind1=" " ind2=" " tag="546"><subfield code="a">Bulgarian and English.</subfield></datafield><datafield ind1=" " ind2=" " tag="588"><subfield code="6">880-03</subfield><subfield code="a">Description based on: 1 (1 noemvri-7 noemvri 2006); title from masthead.</subfield></datafield><datafield ind1=" " ind2=" " tag="588"><subfield code="6">880-04</subfield><subfield code="a">Latest issue consulted: 91 (7 oktomvri 2008).</subfield></datafield><datafield ind1=" " ind2=" " tag="752"><subfield code="a">United States</subfield><subfield code="b">Illinois</subfield><subfield code="d">Lake in the Hills.</subfield></datafield><datafield ind1="0" ind2="0" tag="780"><subfield code="t">All you need</subfield><subfield code="w">(OCoLC)57357815</subfield></datafield><datafield ind1="0" ind2="0" tag="880"><subfield code="6">245-01/(N</subfield><subfield code="a">&#1041;&#1072;&#1083;&#1082;&#1072;&#1085;&#1089;&#1082;&#1086; &#1077;&#1093;&#1086; =</subfield><subfield code="b">Free newspaper Balkan Echo.</subfield></datafield><datafield ind1="1" ind2=" " tag="880"><subfield code="6">362-02/(N</subfield><subfield code="a">Began with: 1 (1 &#1085;&#1086;&#1077;&#1084;&#1074;&#1088;&#1080;-7 &#1085;&#1086;&#1077;&#1084;&#1074;&#1088;&#1080; 2006).</subfield></datafield><datafield ind1=" " ind2=" " tag="880"><subfield code="6">588-03/(N</subfield><subfield code="a">Description based on: 1 (1 &#1085;&#1086;&#1077;&#1084;&#1074;&#1088;&#1080;-7 &#1085;&#1086;&#1077;&#1084;&#1074;&#1088;&#1080; 2006); title from masthead.</subfield></datafield><datafield ind1=" " ind2=" " tag="880"><subfield code="6">588-04/(N</subfield><subfield code="a">Latest issue consulted: 91 (7 &#1086;&#1082;&#1090;&#1086;&#1084;&#1074;&#1088;&#1080; 2008).</subfield></datafield></record>